@article{guo2013,
  title={{A parallel, fully coupled, fully implicit solution to reactive transport in porous media using the preconditioned Jacobian-Free Newton-Krylov Method}},
  author={Guo, Luanjing and Huang, Hai and Gaston, Derek R and Permann, Cody J and Andrs, David and Redden, George D and Lu, Chuan and Fox, Don T and Fujita, Yoshiko},
  journal={Advances in Water Resources},
  volume={53},
  pages={101--108},
  year={2013}
}

@article{lichtner1996,
  title={Continuum formulation of multicomponent-multiphase reactive transport},
  author={Lichtner, Peter C},
  journal={Reviews in Mineralogy and Geochemistry},
  volume={34},
  pages={1--81},
  year={1996}
}

@article{piro2013,
  title = {The thermochemistry library Thermochimica},
  author = {M.H.A. Piro and S. Simunovic and T.M. Besmann and B.J. Lewis and W.T. Thompson},
  journal = {Computational Materials Science},
  volume = {67},
  pages = {266-272},
  year = {2013},
  issn = {0927-0256},
  doi = {https://doi.org/10.1016/j.commatsci.2012.09.011},
  url = {https://www.sciencedirect.com/science/article/pii/S0927025612005502}
}
