@article{avdonin1964,
  title={Some formulas for calculating the temperature field of a stratum subject to thermal injection},
  author={Avdonin, NA},
  journal={Neft'i Gaz},
  volume={3},
  pages={37--41},
  year={1964}
}

@inproceedings{battistelli1993,
  title={{A fluid property module for the TOUGH2 simulator for saline brines with non-condensible gas}},
  author={A. Battistelli and C. Calore and K. Pruess},
  year={1993},
  booktitle={Eighteenth Workshop on Geothermal Reservoir Engineering Stanford University, Stanford, California, January26-28}
}

@book{bear1972,
  author = {J. Bear},
  title = {Dynamics of fluids in porous media},
  publisher = {Elsevier},
  address = {New York},
  year = {1972}
  }

@article{broadbridge1988,
  author = {P. Broadbridge and I. White},
  title = {Constant rate rainfall infiltration: A versatile nonlinear model, 1. Analytical solution},
  journal = {Water Resources Research},
  volume = {24},
  pages = {145--154},
  year = {1988}
}

@article{becker_coleman_19,
  author = {Matthew W. Becker and Thomas I. Coleman},
  title = {Distributed Acoustic Sensing of Strain at Earth Tide Frequencies},
  journal = {Sensors},
  volume = {19},
  issue = {1975},
  pages = {1--9},
  year = {2019},
  doi = {10.3390/s19091975}
}

@article{brookscorey1966,
  author = {R. H. Brooks and A. T. Corey},
  title = {Properties of porous media affecting fluid flow},
  journal = {J. Irrig. Drain. Div.},
  volume = {92},
  pages = {61--88},
  year = {1966}
}

@article{brooks1982,
  author = {A. N. Brooks and T. J. R. Hughes},
  title = {{Streamline upwind/Petrov-Galerkin formulations for convection dominated flows with particular emphasis
  on the incompressible Navier-Stokes equations}},
  journal = {Computer Methods in Aplied Mechanics and Engineering},
  volume = {32},
  pages = {199--259},
  year = {1982}
}

@article{celia1990,
  author = {M.A. Celia and E. T. Bouloutas and R. L. Zabra},
  title = {A general mass-conservative numerical solution for the unsaturated flow
  equation},
  journal = {Water Resources Research},
  volume = {26},
  pages = {1483--1496},
  year = {1990}
}

@article{chen2009,
  author = {Z. Chen and Y. Zhang},
  title = {Well flow models for various numerical methods},
  journal = {International Journal of Numerical Analysis and Modelling},
  volume = {6},
  pages = {375--388},
  year = {2009}
}

@article{corey1954,
  author = {A. T. Corey},
  title = {The interrelation between gas and oil relative permeabilities},
  journal = {Prod. Month.},
  volume = {19},
  pages = {38--41},
  year = {1954}
}

@book{detournayET93,
  author={E. Detournay and A. Cheng},
  title={{``Fundamentals of poroelasticity,'' Chapter 5 in Comprehensive Rock Engineering: Principles, Practice and Projects, Vol II, Analysis and Design Method.  Also available online}},
  pages = {113--171},
  publisher = {Pergamon Press},
  address = {New York},
  year = {1993}
}

@article{doi:10.1002/nag.1610120508,
author = {Cheng, Alexander H.-D. and Detournay, Emmanuel},
title = {A direct boundary element method for plane strain poroelasticity},
journal = {International Journal for Numerical and Analytical Methods in Geomechanics},
volume = {12},
number = {5},
pages = {551-572},
doi = {10.1002/nag.1610120508},
url = {https://onlinelibrary.wiley.com/doi/abs/10.1002/nag.1610120508},
eprint = {https://onlinelibrary.wiley.com/doi/pdf/10.1002/nag.1610120508},
year = {1988}
}


@article{detcheng_hy91,
author = {Detournay, Emmanuel and Cheng, Alexander H.-D.},
title = {Plane strain analysis of a stationary hydraulic fracture in a poroelastic medium},
journal = {International Journal of Solids and Structures},
volume = {27},
number = {13},
pages = {1645--1662},
doi = {10.1016/0020-7683(91)90067-P},
year = {1991}
}

@misc{doanET2006,
  title={Tidal analysis of borehole pressure: A tutorial},
  author={Mai-Linh Doan and Emily E. Brodsky and Romain Prioul and Claude Signer},
  year={December 20, 2006},
  url={https://pdfs.semanticscholar.org/3870/124883b5621d35fae814b1cd0f050f642bfc.pdf}
}

@article{duan2003,
  title={{An improved model calculating CO$_2$ solubility in pure water and aqueous NaCl solutions from 273 to 533 K and from 0 to 2000 bar}},
  author={Z. Duan and R. Sun},
  journal={Chemical geology},
  volume={193},
  number={3-4},
  pages={257--271},
  year={2003}
}

@article{emami,
  title={Convective dissolution of CO$_2$ in saline aquifers: Progress in modeling and experiments},
  author={Emami-Meybodi, Hamid and Hassanzadeh, Hassan and Green, Christopher P and Ennis-King, Jonathan},
  journal={International Journal of Greenhouse Gas Control},
  volume={40},
  pages={238--266},
  year={2015},
  publisher={Elsevier}
}

@techreport{garcia2001,
  title={{Density of aqueous solutions of CO$_2$}},
  author={J. E. Garcia},
  report = {LBNL-49023},
  institution = {LBNL},
  year={2001}
}

@article{helmig1998,
  author = {R. Helmig and R. Huber},
  title = {Comparison of Galerkin-type discretization
  techniques for two-phase flow in heterogeneous porous media},
  journal = {Adv. Water Res.},
  volume = {21},
  pages = {697--711},
  year = {1998}
}

@article{himmelblau1959,
  title={Partial Molar Heats and Entropies of Solution for Gases Dissolved in Water from the Freezing to Near the Critical Point},
  author={Himmelblau, DM},
  journal={The Journal of Physical Chemistry},
  volume={63},
  number={11},
  pages={1803--1808},
  year={1959}
}

@article{hughes1986,
  author = {T. J. R. Hughes and M. Mallet and A. Mizukami},
  title = {{A new finite element formulation for computational fluid dynamics: II. Beyond SUPG}},
  journal = {Computer Methods in Aplied Mechanics and Engineering},
  volume = {54},
  pages = {341--355},
  year = {1986}
}

@article{hughes1986b,
  author = {T. J. R. Hughes and M. Mallet},
  title = {{A new finite element formulation for computational fluid dynamics: III. The generalized streamline operator for
  multidimensional advective-diffusive systems}},
  journal = {Computer Methods in Aplied Mechanics and Engineering},
  volume = {58},
  pages = {305--328},
  year = {1986}
}

@article{huyakorn1978,
  author = {P. S. Huyakorn and G. F. Pinder},
  title = {A new finite element technique for the solution of two-phase flow through porous media},
  journal = {Adv. Water Res.},
  volume = {1},
  pages = {285--298},
  year = {1978}
}

@article{KuzminTurek2004,
  author = {D. Kuzmin and S. Turek},
  title = {{High-resolution FEM-TVD shcemes based on a fully multidimensional flux limiter}},
  journal = {Journal of Computational Physics},
  volume = {198},
  pages = {131--158},
  year = {2004}
}

@article{laforce2014a,
  author = {T. LaForce and J. Ennis-King and L. Paterson},
  title = {{Semi-analytical solutions for nonisothermal fluid injection including heat loss from the reservoir: Part 1. Saturation and temperature}},
  journal = {Advances in Water Resources},
  volume = {73},
  pages = {227--234},
  year = {2014a}
}

@article{laforce2014b,
  author = {T. LaForce and A. Mijic and J. Ennis-King and L. Paterson},
  title = {{Semi-analytical solutions for nonisothermal fluid injection including heat loss from the reservoir: Part 2. Pressure and stress}},
  journal = {Advances in Water Resources},
  volume = {73},
  pages = {242--253},
  year = {2014b}
}

@article{langas2006,
  author = {Kare Langaas and Knut I. Nilsen and Svein M. Skjaeveland},
  title = {{Tidal Pressure Response and Surveillance of Water Encroachment}},
  journal = {Society of Petroleum Engineers, Reservoir Evaluation and Engineering},
  volume = {9},
  pages = {335--344},
  year = {2006},
  doi = {10.2118/95763-PA}
}

@article{mathias2010,
  author = {Simon A. Mathias and Jon G. Gluyas and Curtis M. Oldenburg and Chin-Fu Tsang},
  title = {{Analytical solution for Joule-Thomson cooling during CO$_2$ geo-sequestration in depleted oil and gas reservoirs}},
  journal = {International Journal of Greenhouse Gas Control},
  volume = {4},
  pages = {806--810},
  year = {2010}
}

@article{millington-quirk1961,
  author = {R. J. Millington and J. P. Quirk},
  title = {Permeability of Porous Solids},
  journal = {Trans. Faraday Soc.},
  volume = {57},
  pages = {1200--1207},
  year = {1961}
}

@article{moridis1992,
  title={TOUGH simulations of Updegraff's set of fluid and heat flow problems},
  author={Moridis, GJ and Pruess, K},
  journal={LBL-32611, Lawrence Berkeley Lab},
  year={1992}
}

@article{oelkers1996,
  author = {E. H. Oelkers},
  title = {Physical and chemical properties of rocks and fluids for chemical mass transport calculations},
  journal = {Reviews in Mineralogy and Geochemistry},
  volume = {34},
  pages = {131--191},
  year = {1996}
}

@article{peaceman1983,
  author = {D. W. Peaceman},
  title = {Interpretation of well-block pressures in numerical reservoir simulation
  with nonsquare grid blocks and anisotropic permeability},
  journal = {SPE J.},
  volume = {23},
  pages = {531--543},
  year = {1983}
}

@techreport{pruess1999,
  author = {K. Pruess and C. Oldenburg and G. Moridis},
  title = {{TOUGH2 User's Guide, Version 2.0}},
  institution = {Lawrence Berkeley National Laboratory},
  address = {Berkeley CA, USA},
  number = {LBNL-43134},
  year = {1999},
}

@techreport{pruess2002,
  title={Intercomparison of numerical simulation codes for geologic disposal of CO2},
  author={Pruess, Karsten and Garc{\'\i}a, Julio and Kovscek, Tony and Oldenburg, Curt and Rutqvist, Jonny and Steefel, Carl and Xu, Tianfu},
  institution = {Lawrence Berkeley National Laboratory},
  address = {Berkeley CA, USA},
  number = {LBNL-51813},
  year={2002}
}

@article{pruess2004,
  title={Code intercomparison builds confidence in numerical simulation models for geologic disposal of CO2},
  author={Pruess, Karsten and Garc{\'\i}a, Julio and Kovscek, Tony and Oldenburg, Curt and Rutqvist, Jonny and Steefel, Carl and Xu, Tianfu},
  journal={Energy},
  volume={29},
  number={9-10},
  pages={1431--1444},
  year={2004},
  publisher={Elsevier}
}

@techreport{pruess2005,
  title= {{ECO2N: A TOUGH2 fluid property module for mixtures of water, NaCl, and CO2}},
  author= {Pruess, Karsten},
  institution = {Lawrence Berkeley National Laboratory},
  address = {Berkeley CA, USA},
  number = {LBNL-57952},
  year = {2005}
}

@article{rachford-rice1952,
  author = {H. H. Rachford and J. D. Rice},
  title = {Procedure for use of electrical digital computers in calculating
  flash vaporisation hydrocarbon equilibrium},
  journal = {Journal of Petroleum Technology},
  volume = {4},
  pages = {327-328},
  year = {1952}
}

@misc{rau2018,
  title={PyGTide},
  author={Gabriel C. Rau},
  year={2018},
  note={hydrogeoscience/pygtide: PyGTide v0.2 (Version v0.2). Zenodo},
  url={https://github.com/hydrogeoscience/pygtide},
  doi={10.5281/zenodo.1346664}
}
@article{rehbinder1995,
  author = {G. Rehbinder},
  title = {Analytical solutions of stationary coupled thermo-hydro-mechanical solutions},
  journal = {Int J Rock Mech Min Sci and Geomech Abstr},
  volume = {32},
  pages = {453-463},
  year = {1995}
}

@techreport{ross1982,
  title={Benchmark problems for repository siting models},
  author={Ross, B and Mercer, JW and Thomas, SD and Lester, BH},
  year={1982},
  institution={GeoTrans}
}

@article{rsc1983,
  author = {C. Rogers and M. P. Stallybrass and D. L. Clements},
  title = {{On two phase filtration under gravity and with boundary infiltration: application of a
  Backlund transformation}},
  journal = {Nonlinear Analysis, Theory, Methods and Applications},
  volume = {7},
  pages = {785--799},
  year = {1983}
}

@article{sato06,
   author = {Kozo Sato},
   title = {{Monitoring the underground migration of sequestered carbon dioxide using Earth tides}},
   journal = {Energy Conversion and Management},
   volume = {47},
   pages = {2414--2423},
   year = {2006},
   doi = {10.1016/j.enconman.2005.11.005}
}

@article{sato_horne_18,
   author = {Kozo Sato and Roland N. Horne},
   title = {{Time-lapse analysis of pressure transients due to ocean tides for estimating CO$_{2}$ saturation changes}},
   journal = {International Journal of Greenhouse Gas Control},
   volume = {18},
   pages = {160--167},
   year = {2018},
   doi = {10.1016/j.ijggc.2018.08.005}
}

@article{spycher2003,
   author = {N. Spycher and K. Pruess and J. Ennis-King},
   title = {{CO$_2$-H$_2$O mixtures in the geological sequestration of CO$_2$. I.
    Assessment and calculation of mutual solubilities from 12 to 100C and up to 600 bar}},
   journal = {Geochimica et Cosmochimica Acta},
   volume = {67},
   pages = {3015--3031},
   year = {2003}
 }

 @article{spycher2005,
   author = {N. Spycher and K. Pruess and J. Ennis-King},
   title = {{CO$_2$-H$_2$O mixtures in the geological sequestration of CO$_2$. II.
    Partitioning in chloride brine at 12-100C and up to 600 bar}},
   journal = {Geochimica et Cosmochimica Acta},
   volume = {69},
   pages = {3309--3320},
   year = {2005}
 }

 @article{spycher2010,
  title={{A phase-partitioning model for CO$_2$-brine mixtures at elevated temperatures and pressures: application to CO$_2$-enhanced geothermal systems}},
  author={N. Spycher and K. Pruess},
  journal={Transport in porous media},
  volume={82},
  number={1},
  pages={173--196},
  year={2010}
}

@techreport{updegraff1989,
  title={Comparison of strongly heat-driven flow codes for unsaturated media},
  author={Updegraff, C David},
  year={1989},
  institution={Nuclear Regulatory Commission}
}

@article{vangenuchten1980,
  author = {van Genuchten, M. Th.},
  title = {A closed for equation for predicting the hydraulic conductivity of unsaturated soils},
  journal = {Soil Sci. Soc.},
  volume = {44},
  pages = {892--898},
  year = {1980}
}

@article{webb2000,
  author = {S. W. Webb},
  title = {A simple extension of two-phase characteristic curves to include the dry region},
  journal = {Water Res. Research},
  volume = {36},
  pages = {1425--1430},
  year = {2000}
}

@book{wang2000,
author = {Herbert F. Wang},
title = {Theory of Linear Poroelasticity with Applications to Geomechanics and Hydrogeology},
publisher = {Princeton University Press},
year = {2000},
isbn = {9781400885688}
}

@article{warrick1990,
  author = {A. W. Warrick and D. O. Lomen and A. Islas},
  title = {{An analytical solution to Richards' Equation for a Draining Soil Profile}},
  journal = {Water Resources Research},
  volume = {26},
  pages = {253--258},
  year = {1990}
}

@article{forsyth1995,
  author = {P. A. Forsyth and Y. S. Wu and K. Pruess},
  title = {{Robust numerical methods for saturated-unsaturated flow with dry initial conditions in heterogeneous media}},
  journal = {Water Resources Research},
  volume = {18},
  pages = {25--38},
  year = {1995}
}

@article{buckley_leverett,
author = {E. Buckley and M. Leverett},
year = {1942},
month = {04},
pages = {107--116},
title = {Mechanism of Fluid Displacement in Sands},
volume = {146},
journal = {Transactions of the AIME},
doi = {10.2118/942107-G}
}

@book{javendel,
author = {I. Javandel and C. Doughty and C. F. Tsang},
title = {Groundwater Transport, Handbook of Mathematical Models},
publisher = {AGU},
year = {1984}
}

@article{doughty2007,
author = {C. Doughty},
year = {2007},
pages = {1768--1781},
title = {Modeling geologic storage of carbon dioxide: Comparison of non-hysteretic and hysteretic characteristic curves},
volume = {48},
journal = {Energy Conservation and Management},
doi = {10.1016/j.enconman.2007.01.022}
}

@techreport{doughty2008,
  title={{User's guide for hysteretic capillary pressure and relative permeability functions in {iTOUGH2}, Rev3, Draft, March 2008}},
  author={C. Doughty},
  year={2008},
  institution={Earth Sciences Division, Lawrence Berkeley National Laboratory}
}

@inproceedings{finsterle1998,
  title={{Inverse modelling of a multistep outflow experiment for determining hysteretic hydraulic properties}},
author = {S. Finsterle and T. O. Sonnenborg and B. Faybishenko},
  year={1998},
  booktitle={K Pruess (ed.), Proceedings of the TOUGH Workshop '98, Lawrence Berkeley National Laboratory Report LBNL-41995, pp. 250--256}
}

@article{jaynes1984,
author = {D. B. Jaynes},
year = {1994},
pages = {287--299},
title = {Comparison of soil-water hysteresis models},
volume = {75},
journal = {Journal of Hydrology}
}

@article{niemi1988,
author = {A. Niemi and G. S. Bodvarsson},
year = {1988},
pages = {277--291},
title = {{Preliminary capillary hysteresis simulations in fractured rocks, Yucca Mountain, Nevada}},
volume = {3},
journal = {Journal of Contaminant Hydrology}
}

@techreport{herron,
title={{Groundwater numerical modelling for the Hunter subregion. Product 2.6.2 for the Hunter subregion from the Northern Sydney Basin Bioregional Assessment}},
author={Herron, N. F. and Peeters, L. and Crosbie, R. and Marvanek, S. P. and Pagendam, D. and Ramage, A. and Rachakonda, P. K. and Wilkins, A.},
year={2018},
institution={Department of the Environment and Energy, Bureau of Meteorology, CSIRO and Geoscience Australia, Canberra},
url={http://data.bioregionalassessments.gov.au/product/NSB/HUN/2.6.2}
}

@article{sheldon2021,
author = {Sheldon, H. A. and Wilkins, A. and Green, C. P.},
year = {2021},
pages = {1234--1234},
title = {Recovery efficiency in high-temperature aquifer thermal energy storage systems},
volume = {1234},
journal = {Geothermics},
doi = {1234}
}

@article{fleuchaus2018,
author = {Fleuchaus, P. and Godschalk, B. and Stober, I. and Blum, P.},
doi = {10.1016/j.rser.2018.06.057},
issn = {18790690},
journal = {Renewable and Sustainable Energy Reviews},
keywords = {Geothermal energy,Heating and cooling,Renewable energy,Seasonal thermal energy storage,Underground thermal energy storage},
number = {June},
pages = {861--876},
publisher = {Elsevier Ltd},
title = {{Worldwide application of aquifer thermal energy storage – A review}},
url = {https://doi.org/10.1016/j.rser.2018.06.057},
volume = {94},
year = {2018}
}
