@InProceedings{Wendt2018a,
  author    = {Brycen Wendt and April Novak and Leslie Kerby and Paul Romano},
  title     = {Integration of Functional Expansion Methodologies as a MOOSE Module},
  booktitle = {PHYSOR 2018: Reactor Physics paving the way towards more efficient systems},
  year      = {2018},
  month     = apr,
}

@PhdThesis{Ellis2017b,
  author = {Ellis, Matthew Shawn},
  title  = {{Methods for Including Multiphysics Feedback in Monte Carlo Reactor Physics Calculations}},
  school = {Massachusetts Institute of Technology},
  year   = {2017},
}

@Article{Wendt2017c,
  author  = {Brycen Wendt and Leslie Kerby},
  title   = {MultiApp Transfers in the MOOSE Framework based on Functional Expansions},
  journal = {Transactions of the American Nuclear Society},
  year    = {2017},
  volume  = {117},
  number  = {1},
  pages   = {735--738},
  month   = oct,
}

@InProceedings{Kerby2017,
  author    = {Kerby, Leslie and Tumulak, Aaron G and Lepp{\"{a}}nen, Jaakko and Valtavirta, Ville},
  title     = {{Preliminary Serpent---MOOSE Coupling and Implementation of Functional Expansion Tallies in Serpent}},
  booktitle = {International Conference on Mathematics {\&} Computational Methods Applied to Nuclear Science and Engineering (M{\&}C 2017)},
  year      = {2017},
}

@Book{Flusser2016,
  title     = {2D \& 3D image analysis by moments},
  publisher = {John Wiley \& Sons, Inc.},
  year      = {2016},
  author    = {Flusser, Jan and Suk, Tom{\'{a}}{\v{s}} and Zitov{\'{a}}, Barbara},
  isbn      = {1119039355},
  date      = {2016-12-19},
  ean       = {9781119039358},
  pagetotal = {560},
}

@PhdThesis{Griesheimer2005a,
  author = {Griesheimer, David Patrick},
  title  = {{Functional Expansion Tallies for Monte Carlo Simulations}},
  school = {University of Michigan},
  year   = {2005},
}
