@InCollection{ParaView2005,
  author    = {James Ahrens and Berk Geveci and Charles Law},
  booktitle = {Visualization Handbook},
  publisher = {Elesvier},
  title     = {{ParaView}: An End-User Tool for Large Data Visualization},
  year      = {2005},
  note      = {{ISBN}~978-0123875822},
  url       = {https://doi.org/10.1016/B978-012387582-2/50038-1}
}

@techreport{shemon2015abtr,
       title = {Specification of the Advanced Burner Test Reactor Multi-Physics Coupling Demonstration Problem},
      author = {Shemon, E. R. and Grudzinski, J. J. and Lee, C. H. and Thomas, J. W. and Yu, Y. Q.},
         doi = {10.2172/1236452},
         url = {https://www.osti.gov/biblio/1236452},
      number = {ANL/NE-15/43},
 institution = {Argonne National Laboratory},
        year = {2015},
       month = {12}
}

@proceedings{grasso2019lfr,
    title = {A {MOX}-fuel core configuration for the Westinghouse Lead Fast Reactor},
   author = {Grasso, G. and Levinsky, A. and Franceschini, F. and Ferroni, P.},
publisher = {International Congress on Advances in Nuclear Power Plants ({ICAPP})},
  address = {Juan-les-pins, France},
     year = {2019}
}
