@article{su2020,
  doi = {10.1007/s11004-020-09898-7},
  year = {2020},
  author = {Su, D. and Mayer, K. U. and MacQuarrie, K. T. B.},
  title = {MIN3P-HPC: A High-Performance Unstructured Grid Code for Subsurface Flow and Reactive Transport Simulation},
  journal = {Mathematical Geosciences}
}

@manual{simunek2012,
  url = {https://www.pc-progress.com/Documents/HYDRUS3D_HP2_Manual.pdf},
  year = {2012},
  author = {\v{S}im\r{u}nek, J. and Jacques, D. and \v{S}ejna, M. and van Genuchten, M. Th.},
  title = {{The HP2 Program for HYDRUS (2D/3D), A Coupled Code for Simulating Two-Dimensional Variably-Saturated Water Flow, Head Transport, Solute Transport and Biogeochemistry in Porous Media, (HYDRUS + PHREEQC + 2D), Version 1.0}},
  organization = {PC Progress},
  address = {Prague, Czech Republic},
  pages = {1--76}
}

@article{maher2019,
  doi = {10.2138/gselements.15.2.117},
  year = {2019},
  volume = {15},
  number = {2},
  pages = {117--118},
  author = {Maher, K and Mayer, K. U.},
  title = {The Art of Reactive Transport Model Building},
  journal = {Elements}
}

@article{beisman2015,
  doi = {10.1007/s10596-015-9475-x},
  year = {2015},
  volume = {19},
  pages = {403--422},
  author = {Beisman, J.J. and Maxwell, R.M. and Navarre-Sitchler, A.K. and Steefel, C.I. and Molins, S.},
  title = {ParCrunchFlow: an efficient, parallel reactive transport simulation tool for physically and chemically heterogeneous saturated subsurface environments},
  journal = {Computational Geosciences}
}

@article{steefel2015,
  doi = {10.1007/s10596-014-9443-x},
  year = {2015},
  volume = {19},
  pages = {445â€“-478},
  author = {Steefel, C.I. and Appelo, C.A.J. and Arora, B. and Jacques, D. and Kalbacher, T. and Kolditz, O. and Lagneau, V. and Lichtner, P.C. and Mayer, K.U. and Meeussen, and J.C.L. and Molins, S. and Moulton, D. and Shao, H. and \v{S}im\r{u}nek, J. and Spycher, N. and Yabusaki S.B. and Yeh G.T.},
  title = {Reactive transport codes for subsurface environmental simulation},
  journal = {Computational Geosciences}
}

@misc{gwb,
title = {The Geochemist's Workbench Release 11 - GWB Essentials Guide},
author = {Bethke, C. and Yeakel, S.},
url = {https://www.gwb.com/pdf/GWB11/GWBessentials.pdf},
year = {2016}
}

@techreport{pankhurst1995,
title={{User's Guide to PHREEQC, a computer model for speciation, reaction-path, advective-transport and inverse geochemical calculations}},
author={Pankhurst, D. L.},
year={1995},
institution={U.S. Geological Survey Water},
number={Water-Resources Investigations Report 95-4227},
url = {https://pubs.er.usgs.gov/publication/wri954227},
doi = {10.3133/wri954227}
}

@techreport{pankhurst1999,
title={{User's Guide to PHREEQC (version 2), a computer program for speciation, batch-reaction, one-dimensional transport and inverse geochemical calculations}},
author={Pankhurst, D. L. and Appelo, C. A. J.},
year={1999},
institution={U.S. Geological Survey},
number = {Water-Resources Investigations Report 99-4259},
url = {https://pubs.er.usgs.gov/publication/wri994259},
doi = {10.3133/wri994259}
}

@techreport{pankhurst2010,
title={{PHAST Version 2 --- A program for simulating groundwater flow, solute transport, and multicomponent geochemical reactions}},
author={Pankhurst, D. L. and Kipp, K. L. and Chalton, S. R.},
year={2010},
institution={U.S. Geological Survey},
series={Techniques and Methods},
number={6--A35},
url={https://pubs.usgs.gov/tm/06A35/pdf/TM6-A35.pdf},
doi = {10.3133/tm6A35}
}

@misc{leal,
title = {Reaktoro, a unified, open-source framework for modeling chemically reactive systems},
author = {Leal, A. M. M.},
url = {https://github.com/reaktoro/reaktoro},
year = {2020}
}

@techreport{xu2004,
title={{TOUGHREACT user's guide: A simulation program for non-isothermal multiphase reactive geochemical transport in variably saturated geologic media}},
author={Xu, T. and Sonnenthal, E. L. and Spycher, N. and Pruess, K.},
year={2004},
institution={Lawrence Berkeley National Laboratory},
number={LBNL-55460},
url={https://www.osti.gov/servlets/purl/834237},
doi = {10.2172/834237}
}

@book{kolditz2012,
    author = "Kolditz, O. and G{\"{o}}rke, U.-J. and Shao, H. and Wang, W.",
    title = "Thermo-Hydro-Mechanical-Chemical Processes in Porous Media --- Benchmarks and Examples.",
    ISBN = "978-3-642-27176-2",
    DOI = "10.1007/978-3-642-27177-9",
    publisher = "Springer",
    year = "2012"
}

@article{bilke2019,
  doi = {10.1007/s11242-019-01310-1},
  year = {2019},
  volume = {130},
  pages = {337--361},
  author = {Bilke, L. and Flemisch, B. and Kalbacher, T. and Kolditz, O. and Helmig, R. and Nagel, T.},
  title = {Development of Open-Source Porous Media Simulators: Principles and Experiences},
  journal = {Transport in Porous Media}
}

@article{Wilkins2020,
  doi = {10.21105/joss.02176},
  url = {https://doi.org/10.21105/joss.02176},
  year = {2020},
  publisher = {The Open Journal},
  volume = {5},
  number = {55},
  pages = {2176},
  author = {Andy Wilkins and Christopher P. Green and Jonathan Ennis-King},
  title = {PorousFlow: a multiphysics simulation code for coupled problems in porous media},
  journal = {Journal of Open Source Software}
}

@article{adhikary2016robust,
  title = {A robust return-map algorithm for general multisurface plasticity},
 author = {Deepak P. Adhikary and  Chandana Jayasundara and Robert K. Podgorney and Andy H. Wilkins},
   year = {2016},
journal = {International Journal for Numerical Methods in Engineering},
  month = {01},
  pages = {218--234},
 volume = {109},
    doi = {10.1002/nme.5284}
}

@article{wilkins2020method,
  title = {A method for smoothing multiple yield functions},
 author = {Andy Wilkins and Benjamin W. Spencer and Amit Jain and Bora Gencturk},
   year = {2020},
journal = {International Journal for Numerical Methods in Engineering},
 volume = {121},
 number = {3},
  pages = {434--449},
    doi = {10.1002/nme.6215}
}

@article{permann2020moose,
   title = {{MOOSE}: Enabling massively parallel multiphysics simulation},
  author = {Cody J. Permann and Derek R. Gaston and David Andr{\v{s}} and Robert W. Carlsen and Fande
            Kong and Alexander D. Lindsay and Jason M. Miller and John W. Peterson and Andrew
            E. Slaughter and Roy H. Stogner and Richard C. Martineau},
    year = {2020},
 journal = {SoftwareX},
  volume = {11},
   pages = {100430},
    issn = {2352-7110},
     doi = {10.1016/j.softx.2020.100430},
     url = {http://www.sciencedirect.com/science/article/pii/S2352711019302973},
keywords = {Framework, Finite-element, Parallel, Multiphysics, Multiscale}
}

@article{libmesh,
title={{libMesh: a C++ library for parallel adaptive mesh refinement/coarsening simulations}},
author={Kirk, Benjamin S and Peterson, John W and Stogner, Roy H and Carey, Graham F},
journal={Engineering with Computers},
volume={22},
number={3-4},
pages={237--254},
year={2006},
publisher={Springer},
doi = {10.1007/s00366-006-0049-3}
}

@misc{petsc-web-page,
author = {Satish Balay and Shrirang Abhyankar and Mark~F. Adams and Jed Brown and Peter Brune and Kris Buschelman and Lisandro Dalcin and Alp Dener and Victor Eijkhout and William~D. Gropp and Dmitry Karpeyev and Dinesh Kaushik and Matthew~G. Knepley and Dave~A. May and Lois Curfman McInnes and Richard Tran Mills and Todd Munson and Karl Rupp and Patrick Sanan and Barry~F. Smith and Stefano Zampini and Hong Zhang and Hong Zhang},
title =  {{PETS}c {W}eb page},
url =    {https://petsc.org},
year = {2021}
}

@TechReport{petsc-user-ref,
       author = {Satish Balay and Shrirang Abhyankar and Mark~F. Adams and Jed Brown and Peter Brune and Kris Buschelman and Lisandro Dalcin and Alp Dener and Victor Eijkhout and William~D. Gropp and Dmitry Karpeyev and Dinesh Kaushik and Matthew~G. Knepley and Dave~A. May and Lois Curfman McInnes and Richard Tran Mills and Todd Munson and Karl Rupp and Patrick Sanan and Barry~F. Smith and Stefano Zampini and Hong Zhang and Hong Zhang},
       title  = {{PETS}c Users Manual},
       institution = {Argonne National Laboratory},
       year   = 2020,
       number = {ANL-95/11 - Revision 3.14},
       url    = {https://www.mcs.anl.gov/petsc}
     }

@InProceedings{petsc-efficient,
       Author = "Satish Balay and William D. Gropp and Lois Curfman McInnes and Barry F. Smith",
       Title = "Efficient Management of Parallelism in Object Oriented Numerical Software Libraries",
       Booktitle = "Modern Software Tools in Scientific Computing",
       Editor = "E. Arge and A. M. Bruaset and H. P. Langtangen",
       Pages = "163--202",
       Publisher = "Birkh{\"{a}}user Press",
       Year = "1997",
       doi = {10.1007/978-1-4612-1986-6_8}
      }

@article{jiang2020ceramic,
  title = {Ceramic nuclear fuel fracture modeling with the extended finite element method},
 author = {Jiang, Wen and Spencer, Benjamin W. and Dolbow, John E.},
journal = {Engineering Fracture Mechanics},
   year = {2020},
  month = {January},
  pages = {106713},
  doi = {10.1016/j.engfracmech.2019.106713},
 volume = {223}
}

@article{zhang2018modified,
  title = {A modified moment-fitted integration scheme for {X}-{FEM} applications with
           history-dependent material data},
 author = {Zhang, Ziyu and Jiang, Wen and Dolbow, John E. and Spencer, Benjamin W.},
journal = {Computational Mechanics},
   year = {2018},
  month = {August},
 number = {2},
  pages = {233--252},
 volume = {62},
 doi = {10.1007/s00466-018-1544-2}
}

@book{bethke_2007,
    author = "Bethke, Craig M.",
    place = "Cambridge",
    edition = "2",
    title = "Geochemical and Biogeochemical Reaction Modeling",
    DOI = "10.1017/CBO9780511619670",
    publisher = "Cambridge University Press",
    year = "2007"
}

@techreport{eq36,
title = {EQ3/6, A Software Package for Geochemical Modeling of Aqueous Systems: Package overview and installation guide (Version 7.0)},
author = {Wolery, T. J.},
abstractNote = {EQ3/6 is a software package for modeling geochemical interactions between aqueous solution, solids, and gases, following principles of chemical thermodynamics and chemical kinetics. It is useful for interpreting aqueiou solution chemical compositions and for calculating the consequences of reaction of such solutions with minerals, other solids, and gases. It is designed to run in a command line environment. EQPT is a thermodynamic data file preprocessor. EQ3NR is a speciation-solubility code. EQ6 is a reaction path code.},
institution = {Lawrence Livermore National Laboratory},
number={UCRL-MA-110662 PT1},
url = {https://www.osti.gov//servlets/purl/138894},
doi = {10.2172/138894},
year = {1992},
}

@techreport{palandri,
author={Palandri, J. L. and Kharaka, Y. K.},
title={{A compilation of rate parameters of water-mineral interaction kinetics for application to geochemical modeling}},
institution={U.S. Geological Survey},
number={OF 2004-1068},
year={2004},
doi={10.3133/ofr20041068}
}

@book{prausnitz,
    author = "Prausnitz, John M. and Lichtenthaler, Rudiger N. and de Azevedo, Edmundo Gomes",
    year = "1998",
    title = "{Molecular Thermodynamics of Fluid-Phase Equilibria}",
    edition = "3",
    publisher = "Pearson",
    isbn = "9780139777455"
}

@article{spycher1988,
    author = "Spycher, Nicolas F. and Reed, Mark H.",
    title = "{Fugacity coefficients of H2, CO2, CH4, H2 and of H2--CO2--CH4 mixutres: A virial equation treatment for moderate pressures and temperatures applicable to calculations of hydrothermal boiling}",
    journal = "Geochemica et Cosmochimica Acta",
    volume = "52",
    pages = "739--749",
    year = "1988",
    doi = "10.1016/0016-7037(88)90334-1",
    url = "http://www.sciencedirect.com/science/article/pii/0016703788903341"
}

@techreport{toughreact,
    author = "Xu, Tianfu and Sonnenthal, Eric and Spycher, Nicolas and Zhen, Liang and Millar, Norman and Pruess, Karsten",
    title = "{TOUGHREACT V3.0-OMP Reference Manual: A Parallel Simulation Program for Non-Isothermal Multiphase Geochemical Reactive Transport}",
    institution="{Lawrence Berkeley National Laboratory}",
    year = "2014",
    url = "https://tough.lbl.gov/assets/docs/TOUGHREACT_V3-OMP_RefManual.pdf"
}

@techreport{seedling,
    author = "McLing, Travis L. and Wendt, Dan and Dobson, Patrick and Doughty, Christine and Spycher, Nic and Roberson, Dakota and McLaughlin, J. Fred",
    title = "{Dynamic Earth Energy Storage: Terawatt-Year, Grid-Scale Energy Storage using Planet Earth as a Thermal Battery (GeoTES): Seedling Project Final Report}",
    institution="{Idaho National Laboratory}",
    year = "2019",
    number = "INL/EXT-19-54025",
    doi = "10.15121/1638710"
}

@techreport{osti_1524048,
title = {Flexible Geothermal Power Generation utilizing Geologic Thermal Energy Storage: Final Seedling Project Report},
author = {Wendt, Daniel S and Huang, Hai and Zhu, Guangdong and Sharan, Prashant and McTigue, Joshua and Kitz, Kevin and Green, Sidney and McLennan, John and Neupane, Ghanashyam Hari},
institution="{Idaho National Laboratory}",
doi = {10.2172/1524048},
url = {https://www.osti.gov/biblio/1524048},
number = {INL/EXT-19-53931},
year = {2019}
}

@Article{pflotran-paper,
Author = "Glenn E. Hammond and Peter C. Lichtner and Richard T. Mills",
Title = "Evaluating the performance of parallel subsurface simulators: An illustrative example with {PFLOTRAN}",
Journal = "Water Resources Research",
Year = "2014",
Volume = "50",
Pages = "208--228",
doi = "10.1002/2012WR013483"
}

@TechReport{pflotran-user-ref,
Author = "Peter C. Lichtner and Glenn E. Hammond and Chuan Lu and Satish Karra and Gautam Bisht and Benjamin Andre and Richard T. Mills and Jitendra Kumar and Jennifer M. Frederick",
Title = "{PFLOTRAN} User Manual",
Note = "http://documentation.pflotran.org",
Year = "2020"
}
