@inbook{bailly2015_ch2,
  author = "Christophe Bailly and Geneviève Comte-Bellot",
  chapter = "2: Statistical Descriptions of Turbulent Flows",
  title = "Turbulence",
  publisher = "Springer",
  year = "2015",
  pages = "33--50",
  doi = "10.1007/978-3-319-16160-0_2"
}

@inbook{bailly2015_ch3,
  author = "Christophe Bailly and Geneviève Comte-Bellot",
  chapter = "3: Wall-Bounded Turbulent Flows",
  title = "Turbulence",
  publisher = "Springer",
  year = "2015",
  pages = "51--83",
  doi = "10.1007/978-3-319-16160-0_3"
}

@article{radman2021development,
  title={Development of a novel two-phase flow solver for nuclear reactor analysis: algorithms, verification and implementation in OpenFOAM},
  author={Radman, Stefan and Fiorina, Carlo and Pautz, Andreas},
  journal={Nuclear Engineering and Design},
  volume={379},
  pages={111178},
  year={2021},
  publisher={Elsevier}
}

@book{vafai2015handbook,
  title={Handbook of porous media},
  author={Vafai, Kambiz},
  year={2015},
  publisher={Crc Press}
}

@techreport{lindsay2021improvement,
      title = {Improvement of Numerical Methods in Pronghorn},
     author = {Alexander D. Lindsay and Mauricio Tano and Guillaume L. Giudicelli and Peter German and Sebastian Schunert},
       year = {2021},
     number = {INL/EXT-21-65482},
institution = {Idaho National Laboratory}
}

@article{peterson2018overview,
    title = {Overview of the incompressible Navier--Stokes simulation capabilities in the MOOSE
             framework},
   author = {John W. Peterson and Alexander D. Lindsay and Fande Kong},
     year = {2018},
  journal = {Advances in Engineering Software},
   volume = {119},
    pages = {68--92},
publisher = {Elsevier}
}

@article{bouffanais2007,
  title = {Large-Eddy Simulation of the Flow in a Lid-Driven Cubical Cavity},
  author = {Bouffanais, Roland and Deville, Michel O. and Leriche, Emmanuel},
  year = {2007},
  month = may,
  volume = {19},
  pages = {055108},
  publisher = {{American Institute of Physics}},
  issn = {1070-6631},
  doi = {10.1063/1.2723153},
  journal = {Physics of Fluids},
  number = {5}
}

@article{jeong1995,
  title = {On the Identification of a Vortex},
  author = {Jeong, Jinhee and Hussain, Fazle},
  year = {1995},
  month = jan,
  volume = {332},
  pages = {339--363},
  journal = {J. Fluid Mech.}
}

@inbook{lienhard2020_ch6,
  author = "John H. {Lienhard IV} and John H. {Lienhard V}",
  chapter = "6 Laminar and turbulent boundary layers",
  title = "A Heat Transfer Textbook",
  edition = "5th",
  publisher = "Phlogiston Press",
  year = "2020",
  pages = "271--348",
  url = "http://ahtt.mit.edu"
}

@inbook{moukalled2016_ch17,
  author = "F. Moukalled and L. Mangani and M. Darwish",
  chapter = "17: Turbulence Modeling",
  title = "The Finite Volume Method in Computational Fluid Dynamics",
  publisher = "Springer",
  year = "2016",
  pages = "693--744",
  doi = "10.1007/978-3-319-16874-6"
}

@article{smagorinsky1963,
  title = {{{General Circulation Experiments with the Primitive Equations}}. {{The Basic Experiment}}},
  author = {Smagorinsky, J.},
  year = {1963},
  month = mar,
  volume = {91},
  pages = {99--164},
  publisher = {{American Meteorological Society}},
  issn = {0027-0644},
  doi = {10.1175/1520-0493(1963)091<0099:GCEWTP>2.3.CO;2},
  journal = {Monthly Weather Review},
  language = {en},
  number = {3}
}

@inbook{todreas2011_ch10,
  author = "Neil E. Todreas and Mujid Kazimi",
  chapter = "10: Single-Phase Heat Transfer",
  title = "Nuclear Systems Volume I",
  publisher = "CRC Press",
  year = "2011",
  pages = "535--602",
  doi = "10.1201/b14887"
}

@article{tominaga2007,
  author = "Yoshihide Tominaga and Ted Stathopoulos",
  title = "Turbulent Schmidt numbers for CFD analysis with various types of
    flowfield",
  journal = "Atmospheric Environment",
  volume = "41",
  number = "37",
  pages = "8091 - 8099",
  year = "2007",
  doi = "10.1016/j.atmosenv.2007.06.054"
}

@book{toro2009riemann,
  title={Riemann solvers and numerical methods for fluid dynamics: a practical introduction},
  author={Toro, Eleuterio F},
  year={2009},
  publisher={Springer Science \& Business Media},
  edition="3rd"
}

@article{kurganov2000new,
  title={New high-resolution central schemes for nonlinear conservation laws and convection--diffusion equations},
  author={Kurganov, Alexander and Tadmor, Eitan},
  journal={Journal of Computational Physics},
  volume={160},
  number={1},
  pages={241--282},
  year={2000},
  publisher={Elsevier}
}

@article{kurganov2001semidiscrete,
  title={Semidiscrete central-upwind schemes for hyperbolic conservation laws and Hamilton--Jacobi equations},
  author={Kurganov, Alexander and Noelle, Sebastian and Petrova, Guergana},
  journal={SIAM Journal on Scientific Computing},
  volume={23},
  number={3},
  pages={707--740},
  year={2001},
  publisher={SIAM}
}

@article{batten1997average,
  title={{Average-state Jacobians and implicit methods for compressible viscous and turbulent flows}},
  author={Batten, P and Leschziner, MA and Goldberg, UC},
  journal={Journal of Computational Physics},
  volume={137},
  number={1},
  pages={38--78},
  year={1997},
  publisher={Elsevier}
}

@incollection{launder1983numerical,
  title={The numerical computation of turbulent flows},
  author={Launder, Brian Edward and Spalding, Dudley Brian},
  booktitle={Numerical prediction of flow, heat transfer, turbulence and combustion},
  pages={96--116},
  year={1983},
  publisher={Elsevier}
}

@book{segal1993isnas,
  title={ISNaS-incompressible flow solver: Mathematical manual},
  author={Segal, Guus and Bijl, H and Vuik, K and Kuppen, W and Zijlema, M and Moulinec, C},
  year={1993},
  publisher={Fac. of Mathematics, Univ}
}

@Article{alazmi,
   author = {B. Alazmi and K. Vafai},
    title = {{Constant Wall Heat Flux Boundary Conditions in Porous Media Under Local Thermal Non-Equilibrium Conditions}},
  journal = {International Journal of Heat and Mass Transfer},
     year = 2002,
   volume = 45,
    pages = {3071--3087},
      DOI = {10.1016/S0017-9310(02)00044-3}
}

@phdthesis{escudier1966,
        author = {Escudier, M.P},
        publisher = {Imperial College},
        school = {Imperial College},
        title = {{The Distribution of Mixing-Length in Turbulent Flows Near
        Walls}},
        year = {1966}
}

@article{weller2014non,
  title={Non-orthogonal version of the arbitrary polygonal C-grid and a new diamond grid},
  author={Weller, Hilary},
  journal={Geoscientific Model Development},
  volume={7},
  number={3},
  pages={779--797},
  year={2014},
  publisher={Copernicus GmbH}
}

@article{aguerre2018oscillation,
  title={An oscillation-free flow solver based on flux reconstruction},
  author={Aguerre, Horacio J and Pairetti, Cesar I and Venier, Cesar M and Dami{\'a}n, Santiago M{\'a}rquez and Nigro, Norberto M},
  journal={Journal of Computational Physics},
  volume={365},
  pages={135--148},
  year={2018},
  publisher={Elsevier}
}

@techreport{novak2018pronghorn,
  title={Pronghorn theory manual},
  author={Novak, April J and Zou, Ling and Peterson, John W and Andrs, David and Kelly, Joe and Slaybaugh, Rachel N and Martineau, Richard C and Gougar, Hands D},
  year={2018},
  institution={Idaho National Lab.(INL), Idaho Falls, ID (United States)}
}

@techreport{hu2021sam,
  title={SAM theory manual},
  author={Hu, Rui and Zou, Ling and Hu, Guojun and Nunez, Daniel and Mui, Travis and Fei, Tingzhou},
  year={2021},
  institution={Argonne National Lab.(ANL), Argonne, IL (United States)}
}

@article{gau1986melting,
  title={Melting and solidification of a pure metal on a vertical wall},
  author={Gau, Chie and Viskanta, Rc},
  year={1986},
  journal={Journal of Heat and Mass Transfer},
  volume={108},
  pages={174--181},
  publisher={ASME}
}
