@techreport{herron,
title={{Groundwater numerical modelling for the Hunter subregion. Product 2.6.2 for the Hunter subregion from the Northern Sydney Basin Bioregional Assessment}},
author={Herron, N. F. and Peeters, L. and Crosbie, R. and Marvanek, S. P. and Pagendam, D. and Ramage, A. and Rachakonda, P. K. and Wilkins, A.},
year={2018},
institution={Department of the Environment and Energy, Bureau of Meteorology, CSIRO and Geoscience Australia, Canberra},
url={http://data.bioregionalassessments.gov.au/product/NSB/HUN/2.6.2}
}

@article{opengeosys,
title={{OpenGeoSys: an open-source initiative for numerical simulation of thermo-hydro-mechanical/chemical (THM/C) processes in porous media}},
author={Kolditz, Olaf and Bauer, Sebastian and Bilke, Lars and B{\"o}ttcher, Norbert and Delfs, Jens-Olaf and Fischer, Thomas and G{\"o}rke, Uwe J and Kalbacher, Thomas and Kosakowski, Georg and McDermott, CI and others},
journal={Environ. Earth Sci.},
volume={67},
number={2},
pages={589--599},
year={2012},
publisher={Springer},
doi = {10.1007/s12665-012-1546-x}
}

@TechReport{pflotran,
Author = "Peter C. Lichtner and Glenn E. Hammond and Chuan Lu and Satish Karra and Gautam Bisht and Benjamin Andre and Richard T. Mills and Jitendra Kumar and Jennifer M. Frederick",
Title = "{PFLOTRAN} {U}ser {M}anual",
Note = "http://documentation.pflotran.org",
url = "https://documentation.pflotran.org",
institution = "Sandia National Laboratories",
Year = "2019" }

@article{opm,
title = {{The Open Porous Media flow reservoir simulator}},
author = {Atgeirr F. Rasmussen and Tor H. Sandve and Kai Bao and Andreas Lauser and Joakim Hove and B{\aa}rd Skaflestad and Robert Kl{\"o}fkorn and Markus Blatt and Alf B. Rustad and Ove Saevareid and Knut-Andreas Lie and Andreas Thune},
journal = {Computers & Mathematics with Applications},
year = {2020},
doi = {10.1016/j.camwa.2020.05.014},
url = {http://www.opm-project.org}
}


@article{permann2020moose,
   title = {{MOOSE}: Enabling massively parallel multiphysics simulation},
  author = {Cody J. Permann and Derek R. Gaston and David Andr{\v{s}} and Robert W. Carlsen and Fande
            Kong and Alexander D. Lindsay and Jason M. Miller and John W. Peterson and Andrew
            E. Slaughter and Roy H. Stogner and Richard C. Martineau},
    year = {2020},
 journal = {SoftwareX},
  volume = {11},
   pages = {100430},
    issn = {2352-7110},
     doi = {10.1016/j.softx.2020.100430},
     url = {http://www.sciencedirect.com/science/article/pii/S2352711019302973},
keywords = {Framework, Finite-element, Parallel, Multiphysics, Multiscale}
}

@article{libmesh,
title={{libMesh: a C++ library for parallel adaptive mesh refinement/coarsening simulations}},
author={Kirk, Benjamin S and Peterson, John W and Stogner, Roy H and Carey, Graham F},
journal={Eng. Comp.},
volume={22},
number={3-4},
pages={237--254},
year={2006},
publisher={Springer},
doi = {10.1007/s00366-006-0049-3}
}

@techreport{petsc,
title={{PETSc Users Manual}},
author={Balay, Satish and Abhyankar, Shrirang and Adams, Mark and Brown, Jed and Brune, Peter and Buschelman, Kris and Dalcin, LD and Eijkhout, Victor and Gropp, W and Kaushik, Dinesh and others},
year={2019},
institution={Argonne National Lab. (ANL), Argonne, IL (United States)}
}

@techreport{c26050,
title={Floor Seam Gas Emission Characterisation and Optimal Drainage Strategies for Longwall Mining},
author={Qu, Qingdong and Wilkins, Andy and Balusu, Rao and Qin, Johnny and Khanal, Manoj},
year={2019},
institution={CSIRO, ACARP project C26050},
url={https://www.acarp.com.au/abstracts.aspx?repId=C26050}
}

@techreport{c25065,
title={Specific Gas Emission Patterns from Different Coal Seams},
author={Qu, Qingdong and Balusu, Rao and Wilkins, Andy and Moreby, Roy},
year={2019},
institution={CSIRO, ACARP project C25065},
url={https://www.acarp.com.au/abstracts.aspx?repId=C25065}
}

@inproceedings{green2018,
title={Community Code for Simulating {CO}$_2$ Storage: Modelling Multiphase Flow with Coupled Geomechanics and Geochemistry Using the Open-Source Multiphysics Framework {MOOSE}},
author={Green, Christopher P. and Ennis-King, Jonathan and La Force, Tara and Wilkins, Andy},
booktitle={{14th Greenhouse Gas Control Technologies Conference Melbourne, 21-26 October 2018}},
pages={1--15},
year={2018},
doi={10.2139/ssrn.3365603}
}

@inproceedings{birdsall,
title={Modeling Ground Surface Deformation at the {Swiss HEATSTORE} Underground Thermal Energy Storage Sites},
author={Birdsell, Daniel T. and Saar, Martin O.},
booktitle={{Proceedings World Geothermal Congress 2020, Reykjavik, Iceland April 26 -- May 2, 2020}},
pages={1--6},
year={2020}
}

@inproceedings{guglielmetti,
title={{HEATSTORE Switzerland}: New Opportunities of Geothermal District Heating Network Sustainable Growth by High Temperature Aquifer Thermal Energy Storage Development},
author={Guglielmetti, L. and Alt-Epping,  P. and Birdsell, D. and de Oliveira,  F. and Diamond,  L. and Driesner, T.  and Eruteya, O. and Hollmuller, P. et al. and  Saar, M.O.},
booktitle={{Proceedings World Geothermal Congress 2020, Reykjavik, Iceland April 26 -- May 2, 2020}},
pages={1--13},
year={2020}
}

@inproceedings{niederau,
title={Characterization of Subsurface Heat-Transport Processes in the {Canton of Aargau} Using an Integrative Workflow},
author={Niederau, Jan and Ebigbo, Anozie and Saar, Martin O.},
booktitle={{Proceedings World Geothermal Congress 2020, Reykjavik, Iceland April 26 -- May 2, 2020}},
pages={1--6},
year={2020}
}

@inproceedings{lima,
author = {Lima, Marina and Sch{\"a}dle, Philipp and Vogler, Daniel and Saar, Martin and Kong, Xiangzhao},
year = {2019},
month = {06},
pages = {},
title = {Impact of Effective Normal Stress on Capillary Pressure in a Single Natural Fracture},
booktitle={{European Geothermal Congress, 11--14 June, 2019, The Hague, The Netherlands}},
doi = {10.21203/rs.2.17644/v1}
}

@article{heather,
author = {Peter Schaubs and Heather Sheldon and Teagan Blaikie and Marcus Kunzmann and Susanne Schmid and Sam Spinks},
title = {Basin-scale fluid-flow models of the {McArthur River} mineral system: constraints from geochemistry, geophysics and sequence stratigraphy},
journal = {ASEG Extended Abstracts},
volume = {2019},
number = {1},
pages = {1-5},
year  = {2019},
publisher = {Taylor & Francis},
doi = {10.1080/22020586.2019.12073198}
}

@inproceedings{crosbie,
author = {Crosbie and Peeters and Janardhanan and Cui and Pickett and Wilkins and Dawes and Post},
year = {2017},
pages = {},
title = {{Lessons learned from modelling the changes in groundwater due to large coal mines and CSG in the Bioregional Assessments Programme}},
booktitle={{Australasian Groundwater Conference 2017, Sydney, Australia, 11-13 July 2017. International Association of Hydrogeologists}}
}
