@book{becker1981finite,
  title={Finite Elements, An Introduction: Volume I.},
  author={Becker, Eric B and Carey, Graham F and Oden, John Tinsley},
  publisher={Prentice Hall},
  edition={6},
  pages={258},
  year={1981}
}

@article{griffiths1997no,
  author = {Griffiths, David F.},
  title = {The 'No Boundary Condition' Outflow Boundary Condition},
  journal = {International Journal for Numerical Methods in Fluids},
  volume = {24},
  number = {4},
  pages = {393-411},
  doi = {10.1002/(SICI)1097-0363(19970228)24:4<393::AID-FLD505>3.0.CO;2-O},
  url = {https://onlinelibrary.wiley.com/doi/abs/10.1002/%28SICI%291097-0363%2819970228%2924%3A4%3C393%3A%3AAID-FLD505%3E3.0.CO%3B2-O},
  year = {1997}
}

@article{jasak1996error,
  title={Error analysis and estimation for the finite volume method with applications to fluid flows.},
  author={Jasak, Hrvoje},
  year={1996},
  publisher={Imperial College London (University of London)},
  journal={PhD Thesis}
}
