@book{incropera1996fundamentals,
  title={Fundamentals of heat and mass transfer},
  author={Incropera, Frank P and DeWitt, David P and Bergman, Theodore L and Lavine, Adrienne S and others},
  volume={6},
  year={1996},
  publisher={Wiley New York}
}
