@book{Bobaru2016handbook,
  title = "Handbook of Peridynamic Modeling",
  author = "Bobaru, Florin
  and Foster, John T.
  and Geubelle, Philippe H.
  and Silling, Stewart A.",
  year = "2016",
  publisher = "Chapman and Hall/CRC"
}

@book{Madenci2014book,
  title = "Peridynamic Theory and Its Applications",
  author = "Madenci, Erdogan and Oterkus, Erkan",
  year = "2014",
  publisher = "Springer-Verlag New York",
  doi = "10.1007/978-1-4614-8465-3"
}

@article{Silling2000bond,
title = "Reformulation of elasticity theory for discontinuities and long-range forces",
author = "S.A. Silling",
journal = "Journal of the Mechanics and Physics of Solids",
volume = "48",
number = "1",
pages = "175 - 209",
year = "2000",
issn = "0022-5096",
doi = "10.1016/S0022-5096(99)00029-0",
url = "https://doi.org/10.1016/S0022-5096(99)00029-0"
}

@article{Silling2005meshfree,
  title = "A Meshfree Method Based on the Peridynamic Model of Solid Mechanics",
  author = "Silling, S.A. and Askari, E.",
  journal = "Computers & Structures",
  volume = "83",
  number = "17",
  pages = "1526 - 1535",
  year = "2005",
  note = "Advances in Meshfree Methods",
  issn = "0045-7949",
  doi = "10.1016/j.compstruc.2004.11.026",
  url = "https://doi.org/10.1016/j.compstruc.2004.11.026",
}

@article{Silling2007states,
  author="Silling, S. A.
  and Epton, M.
  and Weckner, O.
  and Xu, J.
  and Askari, E.",
  title = "Peridynamic States and Constitutive Modeling",
  journal = "Journal of Elasticity",
  year = "2007",
  month = "Aug",
  day = "01",
  volume = "88",
  number = "2",
  pages = "151--184",
  issn = "1573-2681",
  doi = "10.1007/s10659-007-9125-1",
  url = "https://doi.org/10.1007/s10659-007-9125-1"
}

@article{Bobaru2012horizon,
  title = "The Meaning, Selection, and Use of the Peridynamic Horizon and Its Relation to Crack Branching in Brittle Materials",
  author = "Bobaru, Florin and Hu, Wenke",
  journal = "International Journal of Fracture",
  year = "2012",
  month = "Aug",
  day = "01",
  volume = "176",
  number = "2",
  pages = "215--222",
  issn = "1573-2673",
  doi = "10.1007/s10704-012-9725-z",
  url = "https://doi.org/10.1007/s10704-012-9725-z"
}

@proceedings{Chen2016bondimplicit,
  title = "A MOOSE-Based Implicit Peridynamic Thermomechanical Model",
  author = "Chen, Hailong
  and Hu, Yile
  and Spencer, Benjamin W.",
  booktitle = "ASME International Mechanical Engineering Congress and Exposition",
  year = "2016",
  volume = "9: Mechanics of Solids, Structures and Fluids; NDE, Diagnosis, and Prognosis",
  location = "Phoenix, AZ, USA ",
  publisher = "ASME",
  doi = "10.1115/IMECE2016-65552",
  url = "http://dx.doi.org/10.1115/IMECE2016-65552"
}

@proceedings{Chen2017bondirregular,
  author = "Chen, Hailong
  and Hu, Yile
  and Spencer, Benjamin W.",
  title = "Peridynamics Using Irregular Domain Discretization With MOOSE-Based Implementation",
  booktitle = "ASME International Mechanical Engineering Congress and Exposition",
  year = "2017",
  volume = "9: Mechanics of Solids, Structures and Fluids; NDE, Structural Health Monitoring and Prognosis",
  location = "Tampa, FL, USA ",
  publisher = "ASME",
  doi = "10.1115/IMECE2017-71527",
  url = "http://dx.doi.org/10.1115/IMECE2017-71527"
}

@article{Hu2018irregular,
  title = "Thermomechanical peridynamic analysis with irregular non-uniform domain discretization",
  author = "Hu, Yile
  and Chen, Hailong
  and Spencer, Benjamin W.
  and Madenci, Erdogan",
  journal = "Engineering Fracture Mechanics",
  year = "2018",
  issn = "0013-7944",
  doi = "10.1016/j.engfracmech.2018.02.006",
  url = "https://doi.org/10.1016/j.engfracmech.2018.02.006"
}

@article{Chen2018bond1,
title = "Bond-associated deformation gradients for peridynamic correspondence model",
author = "Hailong Chen",
journal = "Mechanics Research Communications",
volume = "90",
pages = "34-41",
year = "2018",
issn = "0093-6413",
doi = "10.1016/j.mechrescom.2018.04.004",
url = "https://doi.org/10.1016/j.mechrescom.2018.04.004"
}

@article{Chen2019bond2,
title = "Peridynamic bond-associated correspondence model: Stability and convergence properties",
author = "Hailong Chen and Spencer, Benjamin W.",
journal = "International Journal for Numerical Methods in Engineering",
volume = "117",
pages = "713-727",
year = "2019",
doi = "10.1002/nme.5973",
url = "https://doi.org/10.1002/nme.5973"
}

@article{VanLe2018,
author = "Van Le, Quang
and Bobaru, Florin",
title = "Objectivity of State-Based Peridynamic Models for Elasticity",
journal = "Journal of Elasticity",
year = "2018",
month = "Mar",
day = "01",
volume = "131",
number = "1",
pages = "1-17",
issn = "1573-2681",
doi = "10.1007/s10659-017-9641-6",
url = "https://doi.org/10.1007/s10659-017-9641-6"
}
