@article{marelli2019al,
  title={An active-learning algorithm that combines sparse polynomial chaos expansions and bootstrap for structural reliability analysis},
  author={Marelli, S. and Sudret, B.},
  journal={Structural Safety},
  volume={75},
  pages={67--74},
  year={2018},
  publisher={Elsevier},
  url={https://doi.org/10.1016/j.strusafe.2018.06.003}
}

@article{xiu2019al,
  title={Physics-informed CoKriging: A Gaussian-process-regression-based multifidelity method for data-model convergence},
  author={Xiu, Y. and Barajas-Solano, D. and Tartakovsky, G. and Tartakovsky, A. M.},
  journal={Journal of Computational Physics},
  volume={395},
  pages={410--431},
  year={2019},
  publisher={Elsevier},
  url={https://doi.org/10.1016/j.jcp.2019.06.041}
}

@article{dhulipala2022al,
  title={Active learning with multifidelity modeling for efficient rare event simulation},
  author={Dhulipala, S. L. N. and Shields, M. D. and Spencer, B. W. and Bolisetti, C. and Slaughter, A. E. and Labour√©, V. M. and Chakroborty, P.},
  journal={Journal of Computational Physics},
  volume={468},
  pages={111506},
  year={2022},
  publisher={Elsevier},
  url={https://doi.org/10.1016/j.jcp.2022.111506}
}

@article{kingma2014adam,
  title={Adam: A Method for Stochastic Optimization},
  author={Kingma, D. P. and Ba, J.},
  journal={arXiv:1412.6980 [cs.LG]},
  year={2014},
  url={https://doi.org/10.48550/arXiv.1412.6980}
}

@article{li2016pss,
  title={Matlab codes of Subset Simulation for reliability analysis and structural optimization},
  author={Li, H. S. and Cao, Z. J.},
  journal={Structural and Multidisciplinary Optimization},
  volume={54},
  number={2},
  pages={391--410},
  year={2016},
  publisher={Springer},
  url={https://doi.org/10.1007/s00158-016-1414-5}
}

@article{au2001pss,
  title={Estimation of small failure probabilities in high dimensions by subset simulation},
  author={Au, S. K. and Beck, J. L.},
  journal={Probabilistic engineering mechanics},
  volume={16},
  number={4},
  pages={263--277},
  year={2001},
  publisher={Elsevier},
  url={https://doi.org/10.1016/S0266-8920(01)00019-4}
}

@article{au1999new,
  title={A new adaptive importance sampling scheme for reliability calculations},
  author={Au, S. K. and Beck, J. L.},
  journal={Structural safety},
  volume={21},
  number={2},
  pages={135--158},
  year={1999},
  publisher={Elsevier},
  url={https://doi.org/10.1016/S0167-4730(99)00014-4}
}

@article{saltelli2002making,
  title={Making best use of model evaluations to compute sensitivity indices},
  author={Saltelli, Andrea},
  journal={Computer Physics Communications},
  volume={145},
  number={2},
  pages={280--297},
  year={2002},
  publisher={Elsevier},
  url={https://doi.org/10.1016/S0010-4655(02)00280-1}
}

@book{kennedy2018statistical,
  title={Statistical computing},
  author={Kennedy, William J and Gentle, James E},
  year={2018},
  publisher={Routledge}
}

@book{johnson1994continuous,
  title = {Continuous Univariate Distributions},
  author = {Johnson, N. L. and Kotz, S. and Balakrishnan, N.},
  year = {1994},
  publisher = {Wiley},
  volume = {1},
  chapter = {12}
}

@article{mckay1979comparison,
  title={Comparison of three methods for selecting values of input variables in the analysis of output from a computer code},
  author={McKay, Michael D and Beckman, Richard J and Conover, William J},
  journal={Technometrics},
  volume={21},
  number={2},
  pages={239--245},
  year={1979},
  publisher={Taylor \& Francis}
}

@article{sudret2008global,
title = {Global sensitivity analysis using polynomial chaos expansions},
journal = {Reliability Engineering & System Safety},
volume = {93},
number = {7},
pages = {964--979},
year = {2008},
note = {Bayesian Networks in Dependability},
doi = {10.1016/j.ress.2007.04.002},
author = {Bruno Sudret},
}

@article{gerstner1998numerical,
title = {Numerical integration using sparse grids},
journal = {Numerical Algorithms},
volume = {18},
number = {3},
pages = {1572--9265},
year = {1998},
doi = {10.1023/A:1019129717644},
author = {Gerstner, Thomas and Griebel, Michael},
}

@article{chaturantabut2010nonlinear,
  title={Nonlinear model reduction via discrete empirical interpolation},
  author={Chaturantabut, Saifon and Sorensen, Danny C},
  journal={SIAM Journal on Scientific Computing},
  volume={32},
  number={5},
  pages={2737--2764},
  year={2010},
  publisher={SIAM}
}

@book{rasmussen2005gaussian,
  author = {Rasmussen, Carl Edward and Williams, Christopher K. I.},
  title = {Gaussian Processes for Machine Learning},
  year = {2005},
  isbn = {026218253X},
  publisher = {The MIT Press}
}

@article{prince2019parametric,
  title={Parametric uncertainty quantification using proper generalized decomposition applied to neutron diffusion},
  author={Prince, Zachary M and Ragusa, Jean C},
  journal={International Journal for Numerical Methods in Engineering},
  volume={119},
  number={9},
  pages={899--921},
  year={2019},
  publisher={Wiley Online Library}
}

@Inbook{pinnau2008model,
author="Pinnau, Ren{\'e}",
title="Model Reduction via Proper Orthogonal Decomposition",
bookTitle="Model Order Reduction: Theory, Research Aspects and Applications",
year="2008",
publisher="Springer Berlin Heidelberg",
address="Berlin, Heidelberg",
pages="95--109",
chapter="5",
abstract="In many fields of science and engineering, like fluid or structural mechanics and electric circuit design, large--scale dynamical systems need to be simulated, optimized or controlled. They are often given by discretizations of systems of nonlinear partial differential equations yielding high--dimensional discrete phase spaces. for this reason during the last decades research was mainly focused on the development of sophisticated analytical and numerical tools to understand the overall system behavior. Not surprisingly, the number of degrees of freedom for simulations keptpace with the increasing computing power. But when it comes to optimal design or control the problems are in general to large to be tackled with standard techniques. Hence, there is a strong need for model reduction techniques to reduce the computational costs and storage requirements. They should yield low--dimensional approximations for the full high--dimensional dynamical system, which reproduce the characteristic dynamics of the system.",
isbn="978-3-540-78841-6",
doi="10.1007/978-3-540-78841-6_5",
}

@book{saltelli2008global,
  author = {Andrea Saltelli and Marco Ratto and Terry Andres and Francesca Campolongo and Jessica Cariboni and Debora Gatelli and Michaela Saisana and Stefano Tarantola},
  title = {Global Sensitivity Analysis. The Primer},
  year = {2008},
  isbn = {9780470059975},
  publisher = {John Wiley \& Sons, Ltd}
}

@article{morris1991factorial,
  author = {Max D. Morris},
  title = {Factorial Sampling Plans for Preliminary Computational Experiments},
  journal = {Technometrics},
  volume = {33},
  number = {2},
  pages = {161-174},
  year  = {1991},
  publisher = {Taylor \& Francis},
  doi = {10.1080/00401706.1991.10484804},
}

@book{teukolsky1992numerical,
  author = {Press, William H. and Teukolsky, Saul A. and Vetterling, William T. and Flannery, Brian P.},
  title = {Numerical Recipes in C},
  year = {1992},
  isbn = {0521431085},
  publisher = {Cambridge University Press},
  address = {USA}
}
