@Article{snead,
   author = {L.~L.~Snead and T.~Nozawa and Y.~Katoh and T.~Byun and S.~Kondo and D.~A.~Petti},
    title = {{Handbook of SiC Properties for Fuel Performance Modeling}},
  journal = {Journal of Nuclear Materials},
     year = 2007,
   volume = 371,
    pages = {329--377}
}

@Article{butland,
  author  = {A.~T.~D.~Butland and R.~J.~Maddison},
  title   = {{The Specific Heat of Graphite: An Evaluation of Measurements}},
  journal = {Journal of Nuclear Materials},
  year    = 1973,
   volume = 49,
  pages   = {45--56}
}

@techreport{mceligot,
  author = {D.~M.~McEligot and W.~D.~Swank and D.~L.~Cottle and F.~I.~Valentin},
  title = {{Thermal Properties of G-348 Graphite}},
  institution = {Idaho National Laboratory},
  number = {INL/EXT-16-38241},
  year = {2016}
}

@Article{baker,
   author = {D.~E.~Baker},
    title = {{Graphite as a Neutron Moderator and Reflector Material}},
  journal = {Nuclear Engineering and Design},
     year = 1970,
   volume = 14,
    pages = {413--444}
}

@techreport{parfume,
  author = {G.~K.~Miller and D.~A.~Petti and J.~T.~Maki and D.~L.~Knudson},
  title = {{PARFUME Theory and Model Basis Report}},
  institution = {Idaho National Laboratory},
  number = {INL/EXT-08-14497},
  year = {2009}
}

@techreport{mills,
  author = {K.~C.~Mills},
  title = {{Recommended Values of Thermophysical Properties for Selected Commercial Alloys}},
  institution = {National Physical Laboratory},
  year = {2002}
}

@InProceedings{albers,
  author     = {T.~L.~Albers and L.~Batty and D.~M.~Kaschak},
  title      = {{High-Temperature Properties of Nuclear Graphite}},
  booktitle  = {{Proceedings of the 4th International Topical Meeting on High Temperature Reactor Technology}},
  year       = 2008
}

@phdthesis{xin_wang_thesis,
  title  = {{Coupled Neutronics and Thermal-Hydraulics Modeling for Pebble-Bed Fluoride-Salt-Cooled High-Temperature Reactor}},
  author = {X. Wang},
  year   = {2018},
  school = {University of California, Berkeley}
}

@TechReport{stainsby,
  author      = {R.~Stainsby and A.~Grief and M.~Worsley and F.~Dawson},
  title       = {{Investigation of Local Heat Transfer Phenomena in a Pebble Bed HTGR Core, Section 7}},
  institution = {AMEC Nuclear},
  year        = {2009}
}

@TechReport{tecdoc1694,
  author      = {IAEA},
  title       = {{Evaluation of High Temperature Gas Cooled Reactor Performance: Benchmark Analysis Related to the PBMR-400, PBMM, GT-MHR, HTR-10, and the ASTRA Critical Facility}},
  institution = {IAEA},
  year        = 2013,
  number      = {IAEA-TECDOC-1694}
}

@Article{sun,
   author = {K.~Sun and J.~Wilson and S.~Hauptman and R.~Ji and A.~J.~Dave and Y.~Zou and L.~Hu},
    title = {{Neutronics Modeling and Analysis of the TMSR-SF1 Fuel Lattice and Full Core with Explicit Fuel Particle Distribution and Random Pebble Loadings}},
  journal = {Progress in Nuclear Energy},
     year = 2018,
   volume = 109,
    pages = {171--179}
}

@Article{rochais,
   author = {D.~Rochais and G.~Le Meur and V.~Basini and G.~Domingues},
    title = {{Microscopic Thermal Characterization of HTR Particle Layers}},
  journal = {Nuclear Engineering and Design},
     year = 2008,
   volume = 238,
    pages = {3047--3059}
}

@Article{hales,
   author = {J.~D.~Hales and R.~L.~Williamson and S.~R.~Novascone and D.~M.~Perez and B.~W.~Spencer and G.~Pastore},
    title = {{Multidimensional Multiphysics Simulation of TRISO Particle Fuel}},
  journal = {Journal of Nuclear Materials},
     year = 2013,
   volume = 443,
    pages = {531--543}
}

@Article{lopez_honorato,
   author = {E.~L{`o}pez-Honorato and C.~Chiritescu and P.~Xiao and D.~G.~Cahill and G.~Marsh and T.~J.~Abram},
    title = {{Thermal Conductivity Mapping of Pyrolitic Carbon and Silicon Carbide Coatins on Simulated Fuel Particles by Time-Domain Thermoreflectance}},
  journal = {Journal of Nuclear Materials},
     year = 2008,
   volume = 378,
    pages = {35--39}
}

@Article{stone,
  author  = {J.~G.~Stone and R.~Schleicher and C.~P.~Deck and G.~M~.Jacobsen and H.~E.~Khalifa and C.~A.~Back},
  title   = {{Stress Analysis and Probabilistic Assessment of Multi-Layer {SiC}-Based Accident Tolerant Nuclear Fuel Cladding}},
  journal = {Journal of Nuclear Materials},
  year    = 2015,
   volume = 466,
  pages   = {682--697}
}

@techreport{nea2018,
  title = {{{NEA} Benchmark of the Modular High-Temperature Gas-Cooled Reactor-350 {MW} Core Design Volumes I and II}},
  institution = {Nuclear Energy Agency},
  number = {NEA/NSC/R(2017)4},
  year = {2018}
}
