@inbook{biegler2003large,
  title={Large-scale PDE-constrained optimization: an introduction},
  author={Biegler, Lorenz T and Ghattas, Omar and Heinkenschloss, Matthias and van Bloemen Waanders, Bart},
  booktitle={Large-Scale PDE-Constrained Optimization},
  pages={3--13},
  year={2003},
  publisher={Springer}
}

@article{neumaier1998solving,
  title={Solving ill-conditioned and singular linear systems: A tutorial on regularization},
  author={Neumaier, Arnold},
  journal={SIAM review},
  volume={40},
  number={3},
  pages={636--666},
  year={1998},
  publisher={SIAM}
}

@book{aster2018parameter,
  title={Parameter estimation and inverse problems},
  author={Aster, Richard C and Borchers, Brian and Thurber, Clifford H},
  year={2018},
  publisher={Elsevier}
}

@manual{balay2019petsc,
  title={PETSc users manual},
  author={Balay, Satish and Abhyankar, Shrirang and Adams, Mark and Brown, Jed and Brune, Peter and Buschelman, Kris and Dalcin, Lisandro and Dener, Alp and Eijkhout, Victor and Gropp, W and others},
  year={2019},
  publisher={Argonne National Laboratory}
}

@techreport{bradley2013pde,
  title={PDE-constrained optimization and the adjoint method},
  author={Bradley, Andrew M},
  year={2013},
  institution={Technical Report. Stanford University. https://cs. stanford. edu/\~{} ambrad~…}
}

@article{plessix2006review,
  title={A review of the adjoint-state method for computing the gradient of a functional with geophysical applications},
  author={Plessix, R-E},
  journal={Geophysical Journal International},
  volume={167},
  number={2},
  pages={495--503},
  year={2006},
  publisher={Oxford University Press}
}

@techreport{walsh2013source,
  title={Source identification in acoustics and structural mechanics using Sierra/SD.},
  author={Walsh, Timothy Francis and Aquino, Wilkins and Ross, Michael},
  year={2013},
  institution={Duke University, Durham, NC; Sandia National Laboratory, Albuquerque, NM~…}
}

@article{kenway2019effective,
  title={Effective adjoint approaches for computational fluid dynamics},
  author={Kenway, Gaetan KW and Mader, Charles A and He, Ping and Martins, Joaquim RRA},
  journal={Progress in Aerospace Sciences},
  volume={110},
  pages={100542},
  year={2019},
  publisher={Elsevier}
}

@article{eslaminia2022full,
  title={Full waveform inversion through double-sweeping solver},
  author={Eslaminia, Mehran and Elmeliegy, Abdelrahman M and Guddati, Murthy N},
  journal={Journal of Computational Physics},
  volume={453},
  pages={110914},
  year={2022},
  publisher={Elsevier}
}
